
@article{c_freitas_uma_2014,
	title = {Uma {Ferramenta} {Baseada} em {Algoritmos} {Genéticos} para a {Geração} de {Tabela} de {Horário} {Escolar}},
	urldate = {2023-09-11},
	author = {C Freitas, Cherze and R B Guimarães, Priscilla and Carvalho Marques Neto, Manoel and J R Barboza, Frederico},
	year = {2014},
	keywords = {lido},
}

@article{jerry_salles_santana_sr_2018,
	title = {S.{A}.{R}.{A}.: {Uma} {Ferramenta} {Baseada} em {Algoritmos} {Genéticos} para {Alocação} de {Salas} de {Aula} do {IFBA}},
	shorttitle = {S.{A}.{R}.{A}.},
	url = {http://ads.ifba.edu.br/item1181},
	abstract = {Graduação Tecnológica em Análise e Desenvolvimento de Sistemas - IFBA},
	language = {pt-br},
	urldate = {2023-09-11},
	author = {Jerry Salles Santana, Ícaro},
	year = {2018},
	keywords = {lido},
}

@article{da_cruz_marques_reserva_2014,
	title = {Reserva {Já}: {Solução} em reservas de {Salas}},
	urldate = {2023-09-11},
	author = {da Cruz Marques, Joice and Marques, Daniela},
	year = {2014},
	keywords = {lido},
}
